%YAML 1.1
%TAG !u! tag:unity3d.com,2011:
--- !u!29 &1
OcclusionCullingSettings:
  m_ObjectHideFlags: 0
  serializedVersion: 2
  m_OcclusionBakeSettings:
    smallestOccluder: 5
    smallestHole: 0.25
    backfaceThreshold: 100
  m_SceneGUID: 00000000000000000000000000000000
  m_OcclusionCullingData: {fileID: 0}
--- !u!104 &2
RenderSettings:
  m_ObjectHideFlags: 0
  serializedVersion: 9
  m_Fog: 0
  m_FogColor: {r: 0.5, g: 0.5, b: 0.5, a: 1}
  m_FogMode: 3
  m_FogDensity: 0.01
  m_LinearFogStart: 0
  m_LinearFogEnd: 300
  m_AmbientSkyColor: {r: 0.25663045, g: 0.745283, b: 0.29501486, a: 1}
  m_AmbientEquatorColor: {r: 0.114, g: 0.125, b: 0.133, a: 1}
  m_AmbientGroundColor: {r: 0.047, g: 0.043, b: 0.035, a: 1}
  m_AmbientIntensity: 1
  m_AmbientMode: 0
  m_SubtractiveShadowColor: {r: 0.42, g: 0.478, b: 0.627, a: 1}
  m_SkyboxMaterial: {fileID: 0}
  m_HaloStrength: 0.5
  m_FlareStrength: 1
  m_FlareFadeSpeed: 3
  m_HaloTexture: {fileID: 0}
  m_SpotCookie: {fileID: 10001, guid: 0000000000000000e000000000000000, type: 0}
  m_DefaultReflectionMode: 0
  m_DefaultReflectionResolution: 128
  m_ReflectionBounces: 1
  m_ReflectionIntensity: 1
  m_CustomReflection: {fileID: 0}
  m_Sun: {fileID: 0}
  m_IndirectSpecularColor: {r: 0, g: 0, b: 0, a: 1}
  m_UseRadianceAmbientProbe: 0
--- !u!157 &3
LightmapSettings:
  m_ObjectHideFlags: 0
  serializedVersion: 11
  m_GIWorkflowMode: 1
  m_GISettings:
    serializedVersion: 2
    m_BounceScale: 1
    m_IndirectOutputScale: 1
    m_AlbedoBoost: 1
    m_EnvironmentLightingMode: 0
    m_EnableBakedLightmaps: 0
    m_EnableRealtimeLightmaps: 0
  m_LightmapEditorSettings:
    serializedVersion: 12
    m_Resolution: 2
    m_BakeResolution: 40
    m_AtlasSize: 1024
    m_AO: 0
    m_AOMaxDistance: 1
    m_CompAOExponent: 1
    m_CompAOExponentDirect: 0
    m_ExtractAmbientOcclusion: 0
    m_Padding: 2
    m_LightmapParameters: {fileID: 0}
    m_LightmapsBakeMode: 1
    m_TextureCompression: 1
    m_FinalGather: 0
    m_FinalGatherFiltering: 1
    m_FinalGatherRayCount: 256
    m_ReflectionCompression: 2
    m_MixedBakeMode: 2
    m_BakeBackend: 1
    m_PVRSampling: 1
    m_PVRDirectSampleCount: 32
    m_PVRSampleCount: 512
    m_PVRBounces: 2
    m_PVREnvironmentSampleCount: 256
    m_PVREnvironmentReferencePointCount: 2048
    m_PVRFilteringMode: 1
    m_PVRDenoiserTypeDirect: 1
    m_PVRDenoiserTypeIndirect: 1
    m_PVRDenoiserTypeAO: 1
    m_PVRFilterTypeDirect: 0
    m_PVRFilterTypeIndirect: 0
    m_PVRFilterTypeAO: 0
    m_PVREnvironmentMIS: 1
    m_PVRCulling: 1
    m_PVRFilteringGaussRadiusDirect: 1
    m_PVRFilteringGaussRadiusIndirect: 5
    m_PVRFilteringGaussRadiusAO: 2
    m_PVRFilteringAtrousPositionSigmaDirect: 0.5
    m_PVRFilteringAtrousPositionSigmaIndirect: 2
    m_PVRFilteringAtrousPositionSigmaAO: 1
    m_ExportTrainingData: 0
    m_TrainingDataDestination: TrainingData
    m_LightProbeSampleCountMultiplier: 4
  m_LightingDataAsset: {fileID: 0}
  m_UseShadowmask: 1
--- !u!196 &4
NavMeshSettings:
  serializedVersion: 2
  m_ObjectHideFlags: 0
  m_BuildSettings:
    serializedVersion: 2
    agentTypeID: 0
    agentRadius: 0.5
    agentHeight: 2
    agentSlope: 45
    agentClimb: 0.4
    ledgeDropHeight: 0
    maxJumpAcrossDistance: 0
    minRegionArea: 2
    manualCellSize: 0
    cellSize: 0.16666667
    manualTileSize: 0
    tileSize: 256
    accuratePlacement: 0
    debug:
      m_Flags: 0
  m_NavMeshData: {fileID: 0}
--- !u!1 &149205644 stripped
GameObject:
  m_CorrespondingSourceObject: {fileID: 5270783493408229531, guid: 6b86bda932c20ed42804cbb6b20cefec,
    type: 3}
  m_PrefabInstance: {fileID: 758722472}
  m_PrefabAsset: {fileID: 0}
--- !u!1 &331782058
GameObject:
  m_ObjectHideFlags: 0
  m_CorrespondingSourceObject: {fileID: 0}
  m_PrefabInstance: {fileID: 0}
  m_PrefabAsset: {fileID: 0}
  serializedVersion: 6
  m_Component:
  - component: {fileID: 331782061}
  - component: {fileID: 331782060}
  - component: {fileID: 331782059}
  m_Layer: 0
  m_Name: EventSystem
  m_TagString: Untagged
  m_Icon: {fileID: 0}
  m_NavMeshLayer: 0
  m_StaticEditorFlags: 0
  m_IsActive: 1
--- !u!114 &331782059
MonoBehaviour:
  m_ObjectHideFlags: 0
  m_CorrespondingSourceObject: {fileID: 0}
  m_PrefabInstance: {fileID: 0}
  m_PrefabAsset: {fileID: 0}
  m_GameObject: {fileID: 331782058}
  m_Enabled: 1
  m_EditorHideFlags: 0
  m_Script: {fileID: 11500000, guid: 4f231c4fb786f3946a6b90b886c48677, type: 3}
  m_Name: 
  m_EditorClassIdentifier: 
  m_HorizontalAxis: Horizontal
  m_VerticalAxis: Vertical
  m_SubmitButton: Submit
  m_CancelButton: Cancel
  m_InputActionsPerSecond: 10
  m_RepeatDelay: 0.5
  m_ForceModuleActive: 0
--- !u!114 &331782060
MonoBehaviour:
  m_ObjectHideFlags: 0
  m_CorrespondingSourceObject: {fileID: 0}
  m_PrefabInstance: {fileID: 0}
  m_PrefabAsset: {fileID: 0}
  m_GameObject: {fileID: 331782058}
  m_Enabled: 1
  m_EditorHideFlags: 0
  m_Script: {fileID: 11500000, guid: 76c392e42b5098c458856cdf6ecaaaa1, type: 3}
  m_Name: 
  m_EditorClassIdentifier: 
  m_FirstSelected: {fileID: 0}
  m_sendNavigationEvents: 1
  m_DragThreshold: 10
--- !u!4 &331782061
Transform:
  m_ObjectHideFlags: 0
  m_CorrespondingSourceObject: {fileID: 0}
  m_PrefabInstance: {fileID: 0}
  m_PrefabAsset: {fileID: 0}
  m_GameObject: {fileID: 331782058}
  m_LocalRotation: {x: 0, y: 0, z: 0, w: 1}
  m_LocalPosition: {x: 0, y: 0, z: 0}
  m_LocalScale: {x: 1, y: 1, z: 1}
  m_Children: []
  m_Father: {fileID: 0}
  m_RootOrder: 2
  m_LocalEulerAnglesHint: {x: 0, y: 0, z: 0}
--- !u!1 &522548326 stripped
GameObject:
  m_CorrespondingSourceObject: {fileID: 4832705183743324146, guid: 6b86bda932c20ed42804cbb6b20cefec,
    type: 3}
  m_PrefabInstance: {fileID: 758722472}
  m_PrefabAsset: {fileID: 0}
--- !u!95 &522548328
Animator:
  serializedVersion: 3
  m_ObjectHideFlags: 0
  m_CorrespondingSourceObject: {fileID: 0}
  m_PrefabInstance: {fileID: 0}
  m_PrefabAsset: {fileID: 0}
  m_GameObject: {fileID: 522548326}
  m_Enabled: 1
  m_Avatar: {fileID: 0}
  m_Controller: {fileID: 9100000, guid: cc6c412715ed70545ba7d9fe82c721a2, type: 2}
  m_CullingMode: 0
  m_UpdateMode: 0
  m_ApplyRootMotion: 0
  m_LinearVelocityBlending: 0
  m_WarningMessage: 
  m_HasTransformHierarchy: 1
  m_AllowConstantClipSamplingOptimization: 1
  m_KeepAnimatorControllerStateOnDisable: 0
--- !u!1001 &758722472
PrefabInstance:
  m_ObjectHideFlags: 0
  serializedVersion: 2
  m_Modification:
    m_TransformParent: {fileID: 0}
    m_Modifications:
    - target: {fileID: 1369119719029041104, guid: 6b86bda932c20ed42804cbb6b20cefec,
        type: 3}
      propertyPath: m_OnClick.m_PersistentCalls.m_Calls.Array.size
      value: 2
      objectReference: {fileID: 0}
    - target: {fileID: 1369119719029041104, guid: 6b86bda932c20ed42804cbb6b20cefec,
        type: 3}
      propertyPath: m_OnClick.m_PersistentCalls.m_Calls.Array.data[0].m_Mode
      value: 1
      objectReference: {fileID: 0}
    - target: {fileID: 1369119719029041104, guid: 6b86bda932c20ed42804cbb6b20cefec,
        type: 3}
      propertyPath: m_OnClick.m_PersistentCalls.m_Calls.Array.data[0].m_CallState
      value: 1
      objectReference: {fileID: 0}
    - target: {fileID: 1369119719029041104, guid: 6b86bda932c20ed42804cbb6b20cefec,
        type: 3}
      propertyPath: m_OnClick.m_PersistentCalls.m_Calls.Array.data[0].m_Target
      value: 
      objectReference: {fileID: 819447796}
    - target: {fileID: 1369119719029041104, guid: 6b86bda932c20ed42804cbb6b20cefec,
        type: 3}
      propertyPath: m_OnClick.m_PersistentCalls.m_Calls.Array.data[0].m_MethodName
      value: closePanel
      objectReference: {fileID: 0}
    - target: {fileID: 1369119719029041104, guid: 6b86bda932c20ed42804cbb6b20cefec,
        type: 3}
      propertyPath: m_OnClick.m_PersistentCalls.m_Calls.Array.data[0].m_Arguments.m_ObjectArgumentAssemblyTypeName
      value: UnityEngine.Object, UnityEngine
      objectReference: {fileID: 0}
    - target: {fileID: 1369119719029041104, guid: 6b86bda932c20ed42804cbb6b20cefec,
        type: 3}
      propertyPath: m_OnClick.m_PersistentCalls.m_Calls.Array.data[1].m_Mode
      value: 1
      objectReference: {fileID: 0}
    - target: {fileID: 1369119719029041104, guid: 6b86bda932c20ed42804cbb6b20cefec,
        type: 3}
      propertyPath: m_OnClick.m_PersistentCalls.m_Calls.Array.data[1].m_CallState
      value: 2
      objectReference: {fileID: 0}
    - target: {fileID: 1369119719029041104, guid: 6b86bda932c20ed42804cbb6b20cefec,
        type: 3}
      propertyPath: m_OnClick.m_PersistentCalls.m_Calls.Array.data[1].m_Target
      value: 
      objectReference: {fileID: 758722480}
    - target: {fileID: 1369119719029041104, guid: 6b86bda932c20ed42804cbb6b20cefec,
        type: 3}
      propertyPath: m_OnClick.m_PersistentCalls.m_Calls.Array.data[1].m_MethodName
      value: SaveScore
      objectReference: {fileID: 0}
    - target: {fileID: 1369119719029041104, guid: 6b86bda932c20ed42804cbb6b20cefec,
        type: 3}
      propertyPath: m_OnClick.m_PersistentCalls.m_Calls.Array.data[1].m_Arguments.m_ObjectArgumentAssemblyTypeName
      value: UnityEngine.Object, UnityEngine
      objectReference: {fileID: 0}
    - target: {fileID: 1889771647655636064, guid: 6b86bda932c20ed42804cbb6b20cefec,
        type: 3}
      propertyPath: restartButton
      value: 
      objectReference: {fileID: 758722473}
    - target: {fileID: 1889771647655636064, guid: 6b86bda932c20ed42804cbb6b20cefec,
        type: 3}
      propertyPath: infotext
      value: 
      objectReference: {fileID: 0}
    - target: {fileID: 1889771647655636065, guid: 6b86bda932c20ed42804cbb6b20cefec,
        type: 3}
      propertyPath: m_LocalPosition.x
      value: 0
      objectReference: {fileID: 0}
    - target: {fileID: 1889771647655636065, guid: 6b86bda932c20ed42804cbb6b20cefec,
        type: 3}
      propertyPath: m_LocalPosition.y
      value: 0
      objectReference: {fileID: 0}
    - target: {fileID: 1889771647655636065, guid: 6b86bda932c20ed42804cbb6b20cefec,
        type: 3}
      propertyPath: m_LocalPosition.z
      value: 0
      objectReference: {fileID: 0}
    - target: {fileID: 1889771647655636065, guid: 6b86bda932c20ed42804cbb6b20cefec,
        type: 3}
      propertyPath: m_LocalRotation.x
      value: 0
      objectReference: {fileID: 0}
    - target: {fileID: 1889771647655636065, guid: 6b86bda932c20ed42804cbb6b20cefec,
        type: 3}
      propertyPath: m_LocalRotation.y
      value: 0
      objectReference: {fileID: 0}
    - target: {fileID: 1889771647655636065, guid: 6b86bda932c20ed42804cbb6b20cefec,
        type: 3}
      propertyPath: m_LocalRotation.z
      value: 0
      objectReference: {fileID: 0}
    - target: {fileID: 1889771647655636065, guid: 6b86bda932c20ed42804cbb6b20cefec,
        type: 3}
      propertyPath: m_LocalRotation.w
      value: 1
      objectReference: {fileID: 0}
    - target: {fileID: 1889771647655636065, guid: 6b86bda932c20ed42804cbb6b20cefec,
        type: 3}
      propertyPath: m_RootOrder
      value: 1
      objectReference: {fileID: 0}
    - target: {fileID: 1889771647655636065, guid: 6b86bda932c20ed42804cbb6b20cefec,
        type: 3}
      propertyPath: m_LocalEulerAnglesHint.x
      value: 0
      objectReference: {fileID: 0}
    - target: {fileID: 1889771647655636065, guid: 6b86bda932c20ed42804cbb6b20cefec,
        type: 3}
      propertyPath: m_LocalEulerAnglesHint.y
      value: 0
      objectReference: {fileID: 0}
    - target: {fileID: 1889771647655636065, guid: 6b86bda932c20ed42804cbb6b20cefec,
        type: 3}
      propertyPath: m_LocalEulerAnglesHint.z
      value: 0
      objectReference: {fileID: 0}
    - target: {fileID: 1889771647655636065, guid: 6b86bda932c20ed42804cbb6b20cefec,
        type: 3}
      propertyPath: m_AnchoredPosition.x
      value: 0
      objectReference: {fileID: 0}
    - target: {fileID: 1889771647655636065, guid: 6b86bda932c20ed42804cbb6b20cefec,
        type: 3}
      propertyPath: m_AnchoredPosition.y
      value: 0
      objectReference: {fileID: 0}
    - target: {fileID: 1889771647655636065, guid: 6b86bda932c20ed42804cbb6b20cefec,
        type: 3}
      propertyPath: m_SizeDelta.x
      value: 0
      objectReference: {fileID: 0}
    - target: {fileID: 1889771647655636065, guid: 6b86bda932c20ed42804cbb6b20cefec,
        type: 3}
      propertyPath: m_SizeDelta.y
      value: 0
      objectReference: {fileID: 0}
    - target: {fileID: 1889771647655636065, guid: 6b86bda932c20ed42804cbb6b20cefec,
        type: 3}
      propertyPath: m_AnchorMin.x
      value: 0
      objectReference: {fileID: 0}
    - target: {fileID: 1889771647655636065, guid: 6b86bda932c20ed42804cbb6b20cefec,
        type: 3}
      propertyPath: m_AnchorMin.y
      value: 0
      objectReference: {fileID: 0}
    - target: {fileID: 1889771647655636065, guid: 6b86bda932c20ed42804cbb6b20cefec,
        type: 3}
      propertyPath: m_AnchorMax.x
      value: 0
      objectReference: {fileID: 0}
    - target: {fileID: 1889771647655636065, guid: 6b86bda932c20ed42804cbb6b20cefec,
        type: 3}
      propertyPath: m_AnchorMax.y
      value: 0
      objectReference: {fileID: 0}
    - target: {fileID: 1889771647655636065, guid: 6b86bda932c20ed42804cbb6b20cefec,
        type: 3}
      propertyPath: m_Pivot.x
      value: 0
      objectReference: {fileID: 0}
    - target: {fileID: 1889771647655636065, guid: 6b86bda932c20ed42804cbb6b20cefec,
        type: 3}
      propertyPath: m_Pivot.y
      value: 0
      objectReference: {fileID: 0}
    - target: {fileID: 1889771647655636077, guid: 6b86bda932c20ed42804cbb6b20cefec,
        type: 3}
      propertyPath: m_Name
      value: GameOver
      objectReference: {fileID: 0}
    - target: {fileID: 1889771647655636078, guid: 6b86bda932c20ed42804cbb6b20cefec,
        type: 3}
      propertyPath: m_AdditionalShaderChannelsFlag
      value: 25
      objectReference: {fileID: 0}
    - target: {fileID: 1889771648488200928, guid: 6b86bda932c20ed42804cbb6b20cefec,
        type: 3}
      propertyPath: m_Color.a
      value: 1
      objectReference: {fileID: 0}
    - target: {fileID: 1889771648488200929, guid: 6b86bda932c20ed42804cbb6b20cefec,
        type: 3}
      propertyPath: m_AnchoredPosition.y
      value: -30
      objectReference: {fileID: 0}
    - target: {fileID: 1889771648488200929, guid: 6b86bda932c20ed42804cbb6b20cefec,
        type: 3}
      propertyPath: m_AnchoredPosition.x
      value: 1
      objectReference: {fileID: 0}
    - target: {fileID: 1889771648488200929, guid: 6b86bda932c20ed42804cbb6b20cefec,
        type: 3}
      propertyPath: m_LocalScale.x
      value: 1.2
      objectReference: {fileID: 0}
    - target: {fileID: 1889771648488200929, guid: 6b86bda932c20ed42804cbb6b20cefec,
        type: 3}
      propertyPath: m_LocalScale.y
      value: 1.2
      objectReference: {fileID: 0}
    - target: {fileID: 1889771648982299732, guid: 6b86bda932c20ed42804cbb6b20cefec,
        type: 3}
      propertyPath: restartButton
      value: 
      objectReference: {fileID: 758722473}
    - target: {fileID: 1889771648982299732, guid: 6b86bda932c20ed42804cbb6b20cefec,
        type: 3}
      propertyPath: infotext
      value: 
      objectReference: {fileID: 149205644}
    - target: {fileID: 1889771649425651140, guid: 6b86bda932c20ed42804cbb6b20cefec,
        type: 3}
      propertyPath: restartButton
      value: 
      objectReference: {fileID: 758722473}
    - target: {fileID: 1889771649425651140, guid: 6b86bda932c20ed42804cbb6b20cefec,
        type: 3}
      propertyPath: infotext
      value: 
      objectReference: {fileID: 149205644}
    - target: {fileID: 1957822260510341537, guid: 6b86bda932c20ed42804cbb6b20cefec,
        type: 3}
      propertyPath: m_IsActive
      value: 1
      objectReference: {fileID: 0}
    - target: {fileID: 3706843098841296020, guid: 6b86bda932c20ed42804cbb6b20cefec,
        type: 3}
      propertyPath: m_FontData.m_Font
      value: 
      objectReference: {fileID: 12800000, guid: 215964163bf91cb45a7a6cfafce94c9d,
        type: 3}
    - target: {fileID: 3706843098841296020, guid: 6b86bda932c20ed42804cbb6b20cefec,
        type: 3}
      propertyPath: m_FontData.m_FontSize
      value: 18
      objectReference: {fileID: 0}
    - target: {fileID: 3876241090103316220, guid: 6b86bda932c20ed42804cbb6b20cefec,
        type: 3}
      propertyPath: m_OnClick.m_PersistentCalls.m_Calls.Array.size
      value: 1
      objectReference: {fileID: 0}
    - target: {fileID: 3876241090103316220, guid: 6b86bda932c20ed42804cbb6b20cefec,
        type: 3}
      propertyPath: m_OnClick.m_PersistentCalls.m_Calls.Array.data[0].m_Mode
      value: 1
      objectReference: {fileID: 0}
    - target: {fileID: 3876241090103316220, guid: 6b86bda932c20ed42804cbb6b20cefec,
        type: 3}
      propertyPath: m_OnClick.m_PersistentCalls.m_Calls.Array.data[0].m_CallState
      value: 1
      objectReference: {fileID: 0}
    - target: {fileID: 3876241090103316220, guid: 6b86bda932c20ed42804cbb6b20cefec,
        type: 3}
      propertyPath: m_OnClick.m_PersistentCalls.m_Calls.Array.data[0].m_Target
      value: 
      objectReference: {fileID: 758722477}
    - target: {fileID: 3876241090103316220, guid: 6b86bda932c20ed42804cbb6b20cefec,
        type: 3}
      propertyPath: m_OnClick.m_PersistentCalls.m_Calls.Array.data[0].m_MethodName
      value: LoadingMenu
      objectReference: {fileID: 0}
    - target: {fileID: 3876241090103316220, guid: 6b86bda932c20ed42804cbb6b20cefec,
        type: 3}
      propertyPath: m_OnClick.m_PersistentCalls.m_Calls.Array.data[0].m_Arguments.m_ObjectArgumentAssemblyTypeName
      value: UnityEngine.Object, UnityEngine
      objectReference: {fileID: 0}
    - target: {fileID: 5897894539305317468, guid: 6b86bda932c20ed42804cbb6b20cefec,
        type: 3}
      propertyPath: m_RootOrder
      value: 4
      objectReference: {fileID: 0}
    - target: {fileID: 6821526673231692099, guid: 6b86bda932c20ed42804cbb6b20cefec,
        type: 3}
      propertyPath: m_FontData.m_MaxSize
      value: 108
      objectReference: {fileID: 0}
    - target: {fileID: 6821526673231692099, guid: 6b86bda932c20ed42804cbb6b20cefec,
        type: 3}
      propertyPath: m_FontData.m_FontSize
      value: 14
      objectReference: {fileID: 0}
    - target: {fileID: 6821526673231692099, guid: 6b86bda932c20ed42804cbb6b20cefec,
        type: 3}
      propertyPath: m_FontData.m_Font
      value: 
      objectReference: {fileID: 12800000, guid: 215964163bf91cb45a7a6cfafce94c9d,
        type: 3}
    - target: {fileID: 7669050036855803368, guid: 6b86bda932c20ed42804cbb6b20cefec,
        type: 3}
      propertyPath: m_RootOrder
      value: 6
      objectReference: {fileID: 0}
    - target: {fileID: 7669050036855803368, guid: 6b86bda932c20ed42804cbb6b20cefec,
        type: 3}
      propertyPath: m_LocalScale.x
      value: 3.2
      objectReference: {fileID: 0}
    - target: {fileID: 7669050036855803368, guid: 6b86bda932c20ed42804cbb6b20cefec,
        type: 3}
      propertyPath: m_LocalScale.y
      value: 3.2
      objectReference: {fileID: 0}
    - target: {fileID: 7669050036855803368, guid: 6b86bda932c20ed42804cbb6b20cefec,
        type: 3}
      propertyPath: m_LocalScale.z
      value: 3.1046
      objectReference: {fileID: 0}
    - target: {fileID: 7669050036855803368, guid: 6b86bda932c20ed42804cbb6b20cefec,
        type: 3}
      propertyPath: m_AnchoredPosition.x
      value: 0.5
      objectReference: {fileID: 0}
    - target: {fileID: 7669050036855803368, guid: 6b86bda932c20ed42804cbb6b20cefec,
        type: 3}
      propertyPath: m_AnchoredPosition.y
      value: -1
      objectReference: {fileID: 0}
    - target: {fileID: 7669050036855803368, guid: 6b86bda932c20ed42804cbb6b20cefec,
        type: 3}
      propertyPath: m_AnchorMax.x
      value: 0.89500004
      objectReference: {fileID: 0}
    - target: {fileID: 7669050036855803368, guid: 6b86bda932c20ed42804cbb6b20cefec,
        type: 3}
      propertyPath: m_SizeDelta.x
      value: -349
      objectReference: {fileID: 0}
    - target: {fileID: 7669050036855803368, guid: 6b86bda932c20ed42804cbb6b20cefec,
        type: 3}
      propertyPath: m_AnchorMax.y
      value: 0.6102223
      objectReference: {fileID: 0}
    - target: {fileID: 7669050036855803368, guid: 6b86bda932c20ed42804cbb6b20cefec,
        type: 3}
      propertyPath: m_SizeDelta.y
      value: -59
      objectReference: {fileID: 0}
    - target: {fileID: 7669050036855803368, guid: 6b86bda932c20ed42804cbb6b20cefec,
        type: 3}
      propertyPath: m_AnchorMin.y
      value: 0.5278519
      objectReference: {fileID: 0}
    - target: {fileID: 7669050036855803368, guid: 6b86bda932c20ed42804cbb6b20cefec,
        type: 3}
      propertyPath: m_AnchorMin.x
      value: 0.6294792
      objectReference: {fileID: 0}
    - target: {fileID: 7825946307218209695, guid: 6b86bda932c20ed42804cbb6b20cefec,
        type: 3}
      propertyPath: m_textInfo.characterCount
      value: 20
      objectReference: {fileID: 0}
    - target: {fileID: 7825946307218209695, guid: 6b86bda932c20ed42804cbb6b20cefec,
        type: 3}
      propertyPath: m_textInfo.spaceCount
      value: 1
      objectReference: {fileID: 0}
    - target: {fileID: 7825946307218209695, guid: 6b86bda932c20ed42804cbb6b20cefec,
        type: 3}
      propertyPath: m_textInfo.wordCount
      value: 2
      objectReference: {fileID: 0}
    - target: {fileID: 7825946307218209695, guid: 6b86bda932c20ed42804cbb6b20cefec,
        type: 3}
      propertyPath: m_textInfo.lineCount
      value: 1
      objectReference: {fileID: 0}
    - target: {fileID: 7825946307218209695, guid: 6b86bda932c20ed42804cbb6b20cefec,
        type: 3}
      propertyPath: m_textInfo.pageCount
      value: 1
      objectReference: {fileID: 0}
    - target: {fileID: 7825946307218209695, guid: 6b86bda932c20ed42804cbb6b20cefec,
        type: 3}
      propertyPath: m_fontColor32.rgba
      value: 3623944191
      objectReference: {fileID: 0}
    m_RemovedComponents:
    - {fileID: 1889771648982299733, guid: 6b86bda932c20ed42804cbb6b20cefec, type: 3}
  m_SourcePrefab: {fileID: 100100000, guid: 6b86bda932c20ed42804cbb6b20cefec, type: 3}
--- !u!1 &758722473 stripped
GameObject:
  m_CorrespondingSourceObject: {fileID: 1889771648982299742, guid: 6b86bda932c20ed42804cbb6b20cefec,
    type: 3}
  m_PrefabInstance: {fileID: 758722472}
  m_PrefabAsset: {fileID: 0}
--- !u!224 &758722474 stripped
RectTransform:
  m_CorrespondingSourceObject: {fileID: 1889771648488200929, guid: 6b86bda932c20ed42804cbb6b20cefec,
    type: 3}
  m_PrefabInstance: {fileID: 758722472}
  m_PrefabAsset: {fileID: 0}
--- !u!1 &758722475 stripped
GameObject:
  m_CorrespondingSourceObject: {fileID: 3033932163292575185, guid: 6b86bda932c20ed42804cbb6b20cefec,
    type: 3}
  m_PrefabInstance: {fileID: 758722472}
  m_PrefabAsset: {fileID: 0}
--- !u!1 &758722476 stripped
GameObject:
  m_CorrespondingSourceObject: {fileID: 1957822260510341537, guid: 6b86bda932c20ed42804cbb6b20cefec,
    type: 3}
  m_PrefabInstance: {fileID: 758722472}
  m_PrefabAsset: {fileID: 0}
--- !u!114 &758722477
MonoBehaviour:
  m_ObjectHideFlags: 0
  m_CorrespondingSourceObject: {fileID: 0}
  m_PrefabInstance: {fileID: 0}
  m_PrefabAsset: {fileID: 0}
  m_GameObject: {fileID: 758722475}
  m_Enabled: 1
  m_EditorHideFlags: 0
  m_Script: {fileID: 11500000, guid: 8bf5b22ad8b6bc84d9354e4b642ad342, type: 3}
  m_Name: 
  m_EditorClassIdentifier: 
  LoadPanel: {fileID: 758722476}
  fade: {fileID: 0}
--- !u!1 &758722478 stripped
GameObject:
  m_CorrespondingSourceObject: {fileID: 7539448524460031646, guid: 6b86bda932c20ed42804cbb6b20cefec,
    type: 3}
  m_PrefabInstance: {fileID: 758722472}
  m_PrefabAsset: {fileID: 0}
--- !u!114 &758722479
MonoBehaviour:
  m_ObjectHideFlags: 0
  m_CorrespondingSourceObject: {fileID: 0}
  m_PrefabInstance: {fileID: 0}
  m_PrefabAsset: {fileID: 0}
  m_GameObject: {fileID: 758722478}
  m_Enabled: 1
  m_EditorHideFlags: 0
  m_Script: {fileID: 11500000, guid: 8542b5e75645dda41a222956902caab1, type: 3}
  m_Name: 
  m_EditorClassIdentifier: 
  puntosPrefab: {fileID: 0}
  puntosPadre: {fileID: 0}
  topRank: 0
  limiteRanking: 0
--- !u!114 &758722480 stripped
MonoBehaviour:
  m_CorrespondingSourceObject: {fileID: 4820889223135592787, guid: 6b86bda932c20ed42804cbb6b20cefec,
    type: 3}
  m_PrefabInstance: {fileID: 758722472}
  m_PrefabAsset: {fileID: 0}
  m_GameObject: {fileID: 819447791}
  m_Enabled: 1
  m_EditorHideFlags: 0
  m_Script: {fileID: 11500000, guid: 1ed761a963fa19640b632a6e78050008, type: 3}
  m_Name: 
  m_EditorClassIdentifier: 
--- !u!114 &758722481
MonoBehaviour:
  m_ObjectHideFlags: 0
  m_CorrespondingSourceObject: {fileID: 0}
  m_PrefabInstance: {fileID: 0}
  m_PrefabAsset: {fileID: 0}
  m_GameObject: {fileID: 758722476}
  m_Enabled: 1
  m_EditorHideFlags: 0
  m_Script: {fileID: 11500000, guid: 7bc8c1298c387d34eac5a1b85f7a94cd, type: 3}
  m_Name: 
  m_EditorClassIdentifier: 
--- !u!1 &819447791 stripped
GameObject:
  m_CorrespondingSourceObject: {fileID: 7062451119535853032, guid: 6b86bda932c20ed42804cbb6b20cefec,
    type: 3}
  m_PrefabInstance: {fileID: 758722472}
  m_PrefabAsset: {fileID: 0}
--- !u!114 &819447796
MonoBehaviour:
  m_ObjectHideFlags: 0
  m_CorrespondingSourceObject: {fileID: 0}
  m_PrefabInstance: {fileID: 0}
  m_PrefabAsset: {fileID: 0}
  m_GameObject: {fileID: 819447791}
  m_Enabled: 1
  m_EditorHideFlags: 0
  m_Script: {fileID: 11500000, guid: 2c0f35ecb731941408900514e148ead5, type: 3}
  m_Name: 
  m_EditorClassIdentifier: 
  scorePanel: {fileID: 758722476}
--- !u!1 &1189340527 stripped
GameObject:
  m_CorrespondingSourceObject: {fileID: 543538770872392739, guid: 6b86bda932c20ed42804cbb6b20cefec,
    type: 3}
  m_PrefabInstance: {fileID: 758722472}
  m_PrefabAsset: {fileID: 0}
--- !u!95 &1189340529
Animator:
  serializedVersion: 3
  m_ObjectHideFlags: 0
  m_CorrespondingSourceObject: {fileID: 0}
  m_PrefabInstance: {fileID: 0}
  m_PrefabAsset: {fileID: 0}
  m_GameObject: {fileID: 1189340527}
  m_Enabled: 1
  m_Avatar: {fileID: 0}
  m_Controller: {fileID: 9100000, guid: d801de0e411257b4e8a8666d44ae7640, type: 2}
  m_CullingMode: 0
  m_UpdateMode: 0
  m_ApplyRootMotion: 0
  m_LinearVelocityBlending: 0
  m_WarningMessage: 
  m_HasTransformHierarchy: 1
  m_AllowConstantClipSamplingOptimization: 1
  m_KeepAnimatorControllerStateOnDisable: 0
--- !u!1 &1272159673
GameObject:
  m_ObjectHideFlags: 0
  m_CorrespondingSourceObject: {fileID: 0}
  m_PrefabInstance: {fileID: 0}
  m_PrefabAsset: {fileID: 0}
  serializedVersion: 6
  m_Component:
  - component: {fileID: 1272159676}
  - component: {fileID: 1272159675}
  - component: {fileID: 1272159674}
  - component: {fileID: 1272159677}
  m_Layer: 0
  m_Name: Main Camera
  m_TagString: MainCamera
  m_Icon: {fileID: 0}
  m_NavMeshLayer: 0
  m_StaticEditorFlags: 0
  m_IsActive: 1
--- !u!81 &1272159674
AudioListener:
  m_ObjectHideFlags: 0
  m_CorrespondingSourceObject: {fileID: 0}
  m_PrefabInstance: {fileID: 0}
  m_PrefabAsset: {fileID: 0}
  m_GameObject: {fileID: 1272159673}
  m_Enabled: 1
--- !u!20 &1272159675
Camera:
  m_ObjectHideFlags: 0
  m_CorrespondingSourceObject: {fileID: 0}
  m_PrefabInstance: {fileID: 0}
  m_PrefabAsset: {fileID: 0}
  m_GameObject: {fileID: 1272159673}
  m_Enabled: 1
  serializedVersion: 2
  m_ClearFlags: 3
  m_BackGroundColor: {r: 0.19215687, g: 0.3019608, b: 0.4745098, a: 0}
  m_projectionMatrixMode: 1
  m_GateFitMode: 2
  m_FOVAxisMode: 0
  m_SensorSize: {x: 36, y: 24}
  m_LensShift: {x: 0, y: 0}
  m_FocalLength: 50
  m_NormalizedViewPortRect:
    serializedVersion: 2
    x: 0
    y: 0
    width: 1
    height: 1
  near clip plane: 0.3
  far clip plane: 1000
  field of view: 60
  orthographic: 1
  orthographic size: 5
  m_Depth: -1
  m_CullingMask:
    serializedVersion: 2
    m_Bits: 4294967295
  m_RenderingPath: -1
  m_TargetTexture: {fileID: 0}
  m_TargetDisplay: 0
  m_TargetEye: 3
  m_HDR: 1
  m_AllowMSAA: 1
  m_AllowDynamicResolution: 0
  m_ForceIntoRT: 0
  m_OcclusionCulling: 1
  m_StereoConvergence: 10
  m_StereoSeparation: 0.022
--- !u!4 &1272159676
Transform:
  m_ObjectHideFlags: 0
  m_CorrespondingSourceObject: {fileID: 0}
  m_PrefabInstance: {fileID: 0}
  m_PrefabAsset: {fileID: 0}
  m_GameObject: {fileID: 1272159673}
  m_LocalRotation: {x: 0, y: 0, z: 0, w: 1}
  m_LocalPosition: {x: 0, y: 0, z: -10}
  m_LocalScale: {x: 1, y: 1, z: 1}
  m_Children: []
  m_Father: {fileID: 0}
  m_RootOrder: 0
  m_LocalEulerAnglesHint: {x: 0, y: 0, z: 0}
--- !u!114 &1272159677
MonoBehaviour:
  m_ObjectHideFlags: 0
  m_CorrespondingSourceObject: {fileID: 0}
  m_PrefabInstance: {fileID: 0}
  m_PrefabAsset: {fileID: 0}
  m_GameObject: {fileID: 1272159673}
  m_Enabled: 1
  m_EditorHideFlags: 0
  m_Script: {fileID: 11500000, guid: a79441f348de89743a2939f4d699eac1, type: 3}
  m_Name: 
  m_EditorClassIdentifier: 
  m_RenderShadows: 1
  m_RequiresDepthTextureOption: 2
  m_RequiresOpaqueTextureOption: 2
  m_CameraType: 0
  m_Cameras: []
  m_RendererIndex: -1
  m_VolumeLayerMask:
    serializedVersion: 2
    m_Bits: 1
  m_VolumeTrigger: {fileID: 0}
  m_RenderPostProcessing: 1
  m_Antialiasing: 0
  m_AntialiasingQuality: 2
  m_StopNaN: 0
  m_Dithering: 0
  m_ClearDepth: 1
  m_RequiresDepthTexture: 0
  m_RequiresColorTexture: 0
  m_Version: 2
--- !u!1 &1328579480
GameObject:
  m_ObjectHideFlags: 0
  m_CorrespondingSourceObject: {fileID: 0}
  m_PrefabInstance: {fileID: 0}
  m_PrefabAsset: {fileID: 0}
  serializedVersion: 6
  m_Component:
  - component: {fileID: 1328579481}
  - component: {fileID: 1328579483}
  - component: {fileID: 1328579482}
  m_Layer: 5
  m_Name: PanelSorry
  m_TagString: Untagged
  m_Icon: {fileID: 0}
  m_NavMeshLayer: 0
  m_StaticEditorFlags: 0
  m_IsActive: 0
--- !u!224 &1328579481
RectTransform:
  m_ObjectHideFlags: 0
  m_CorrespondingSourceObject: {fileID: 0}
  m_PrefabInstance: {fileID: 0}
  m_PrefabAsset: {fileID: 0}
  m_GameObject: {fileID: 1328579480}
  m_LocalRotation: {x: 0, y: 0, z: 0, w: 1}
  m_LocalPosition: {x: 0, y: 0, z: 0}
  m_LocalScale: {x: 1, y: 1, z: 1}
  m_Children:
  - {fileID: 1781580177}
  m_Father: {fileID: 758722474}
  m_RootOrder: 3
  m_LocalEulerAnglesHint: {x: 0, y: 0, z: 0}
  m_AnchorMin: {x: 0, y: 0}
  m_AnchorMax: {x: 1, y: 1}
  m_AnchoredPosition: {x: 10.800293, y: 65.8999}
  m_SizeDelta: {x: -995.5, y: -865.5}
  m_Pivot: {x: 0.5, y: 0.5}
--- !u!114 &1328579482
MonoBehaviour:
  m_ObjectHideFlags: 0
  m_CorrespondingSourceObject: {fileID: 0}
  m_PrefabInstance: {fileID: 0}
  m_PrefabAsset: {fileID: 0}
  m_GameObject: {fileID: 1328579480}
  m_Enabled: 1
  m_EditorHideFlags: 0
  m_Script: {fileID: 11500000, guid: fe87c0e1cc204ed48ad3b37840f39efc, type: 3}
  m_Name: 
  m_EditorClassIdentifier: 
  m_Material: {fileID: 0}
  m_Color: {r: 0.23300602, g: 0.6132076, b: 0.12437701, a: 1}
  m_RaycastTarget: 1
  m_OnCullStateChanged:
    m_PersistentCalls:
      m_Calls: []
  m_Sprite: {fileID: 10907, guid: 0000000000000000f000000000000000, type: 0}
  m_Type: 1
  m_PreserveAspect: 0
  m_FillCenter: 1
  m_FillMethod: 4
  m_FillAmount: 1
  m_FillClockwise: 1
  m_FillOrigin: 0
  m_UseSpriteMesh: 0
  m_PixelsPerUnitMultiplier: 1
--- !u!222 &1328579483
CanvasRenderer:
  m_ObjectHideFlags: 0
  m_CorrespondingSourceObject: {fileID: 0}
  m_PrefabInstance: {fileID: 0}
  m_PrefabAsset: {fileID: 0}
  m_GameObject: {fileID: 1328579480}
  m_CullTransparentMesh: 0
--- !u!1 &1781580176
GameObject:
  m_ObjectHideFlags: 0
  m_CorrespondingSourceObject: {fileID: 0}
  m_PrefabInstance: {fileID: 0}
  m_PrefabAsset: {fileID: 0}
  serializedVersion: 6
  m_Component:
  - component: {fileID: 1781580177}
  - component: {fileID: 1781580179}
  - component: {fileID: 1781580178}
  m_Layer: 5
  m_Name: Text (TMP)
  m_TagString: Untagged
  m_Icon: {fileID: 0}
  m_NavMeshLayer: 0
  m_StaticEditorFlags: 0
  m_IsActive: 1
--- !u!224 &1781580177
RectTransform:
  m_ObjectHideFlags: 0
  m_CorrespondingSourceObject: {fileID: 0}
  m_PrefabInstance: {fileID: 0}
  m_PrefabAsset: {fileID: 0}
  m_GameObject: {fileID: 1781580176}
  m_LocalRotation: {x: 0, y: 0, z: 0, w: 1}
  m_LocalPosition: {x: 0, y: 0, z: 0}
  m_LocalScale: {x: 1, y: 1, z: 1}
  m_Children: []
  m_Father: {fileID: 1328579481}
  m_RootOrder: 0
  m_LocalEulerAnglesHint: {x: 0, y: 0, z: 0}
  m_AnchorMin: {x: 0.5, y: 0.5}
  m_AnchorMax: {x: 0.5, y: 0.5}
  m_AnchoredPosition: {x: 0.0050201, y: 0.00002416}
  m_SizeDelta: {x: 924.49, y: 214.5}
  m_Pivot: {x: 0.5, y: 0.5}
--- !u!114 &1781580178
MonoBehaviour:
  m_ObjectHideFlags: 0
  m_CorrespondingSourceObject: {fileID: 0}
  m_PrefabInstance: {fileID: 0}
  m_PrefabAsset: {fileID: 0}
  m_GameObject: {fileID: 1781580176}
  m_Enabled: 1
  m_EditorHideFlags: 0
  m_Script: {fileID: 11500000, guid: f4688fdb7df04437aeb418b961361dc5, type: 3}
  m_Name: 
  m_EditorClassIdentifier: 
  m_Material: {fileID: 0}
  m_Color: {r: 1, g: 1, b: 1, a: 1}
  m_RaycastTarget: 1
  m_OnCullStateChanged:
    m_PersistentCalls:
      m_Calls: []
  m_text: In this demo version you have to reach level 2 to restart the scene, keep
    trying!
  m_isRightToLeft: 0
  m_fontAsset: {fileID: 11400000, guid: 2e498d1c8094910479dc3e1b768306a4, type: 2}
  m_sharedMaterial: {fileID: 2180264, guid: 2e498d1c8094910479dc3e1b768306a4, type: 2}
  m_fontSharedMaterials: []
  m_fontMaterial: {fileID: 0}
  m_fontMaterials: []
  m_fontColor32:
    serializedVersion: 2
    rgba: 4278190080
  m_fontColor: {r: 0, g: 0, b: 0, a: 1}
  m_enableVertexGradient: 0
  m_colorMode: 3
  m_fontColorGradient:
    topLeft: {r: 1, g: 1, b: 1, a: 1}
    topRight: {r: 1, g: 1, b: 1, a: 1}
    bottomLeft: {r: 1, g: 1, b: 1, a: 1}
    bottomRight: {r: 1, g: 1, b: 1, a: 1}
  m_fontColorGradientPreset: {fileID: 0}
  m_spriteAsset: {fileID: 0}
  m_tintAllSprites: 0
  m_StyleSheet: {fileID: 0}
  m_TextStyleHashCode: 0
  m_overrideHtmlColors: 0
  m_faceColor:
    serializedVersion: 2
    rgba: 4294967295
  m_outlineColor:
    serializedVersion: 2
    rgba: 4278190080
  m_fontSize: 52
  m_fontSizeBase: 52
  m_fontWeight: 400
  m_enableAutoSizing: 0
  m_fontSizeMin: 18
  m_fontSizeMax: 72
  m_fontStyle: 0
  m_HorizontalAlignment: 1
  m_VerticalAlignment: 256
  m_textAlignment: 4098
  m_isAlignmentEnumConverted: 0
  m_characterSpacing: 0
  m_wordSpacing: 0
  m_lineSpacing: 0
  m_lineSpacingMax: 0
  m_paragraphSpacing: 0
  m_charWidthMaxAdj: 0
  m_enableWordWrapping: 1
  m_wordWrappingRatios: 0.4
  m_overflowMode: 0
  m_firstOverflowCharacterIndex: -1
  m_linkedTextComponent: {fileID: 0}
  parentLinkedComponent: {fileID: 0}
  m_isTextTruncated: 0
  m_enableKerning: 1
  m_enableExtraPadding: 0
  checkPaddingRequired: 0
  m_isRichText: 1
  m_parseCtrlCharacters: 1
  m_isOrthographic: 1
  m_isCullingEnabled: 0
  m_ignoreCulling: 1
  m_horizontalMapping: 0
  m_verticalMapping: 0
  m_uvLineOffset: 0
  m_geometrySortingOrder: 0
  m_IsTextObjectScaleStatic: 0
  m_VertexBufferAutoSizeReduction: 1
  m_firstVisibleCharacter: 0
  m_useMaxVisibleDescender: 1
  m_pageToDisplay: 1
  m_margin: {x: 0, y: 0, z: 0, w: 0}
  m_textInfo:
    textComponent: {fileID: 1781580178}
    characterCount: 81
    spriteCount: 0
    spaceCount: 15
    wordCount: 16
    linkCount: 0
    lineCount: 2
    pageCount: 1
    materialCount: 1
  m_isUsingLegacyAnimationComponent: 0
  m_isVolumetricText: 0
  m_spriteAnimator: {fileID: 0}
  m_hasFontAssetChanged: 0
  m_baseMaterial: {fileID: 0}
  m_maskOffset: {x: 0, y: 0, z: 0, w: 0}
--- !u!222 &1781580179
CanvasRenderer:
  m_ObjectHideFlags: 0
  m_CorrespondingSourceObject: {fileID: 0}
  m_PrefabInstance: {fileID: 0}
  m_PrefabAsset: {fileID: 0}
  m_GameObject: {fileID: 1781580176}
  m_CullTransparentMesh: 0
